<?xml version="1.0" encoding="UTF-8"?><record xmlns="http://www.loc.gov/MARC21/slim" xmlns:cinclude="http://apache.org/cocoon/include/1.0" xmlns:zs="http://www.loc.gov/zing/srw/">
  <leader>00833cz  a2200169n  4500</leader>
  <controlfield tag="001">nr 91032628 </controlfield>
  <controlfield tag="003">DLC</controlfield>
  <controlfield tag="005">19970308053005.4</controlfield>
  <controlfield tag="008">910905n| acannaab|          |a ana     c</controlfield>
  <datafield tag="010" ind1=" " ind2=" ">
    <subfield code="a">nr 91032628 </subfield>
  </datafield>
  <datafield tag="040" ind1=" " ind2=" ">
    <subfield code="a">NjP</subfield>
    <subfield code="c">NjP</subfield>
    <subfield code="d">NjP</subfield>
  </datafield>
  <datafield tag="110" ind1="2" ind2="0">
    <subfield code="a">Eesti Demograafia Assotsiatsioon</subfield>
  </datafield>
  <datafield tag="410" ind1="2" ind2="0">
    <subfield code="w">nne</subfield>
    <subfield code="a">Demograficheskai︠a︡ assot︠s︡iat︠s︡ii︠a︡ Ėstonii</subfield>
  </datafield>
  <datafield tag="410" ind1="2" ind2="0">
    <subfield code="a">Estonian Demographic Association</subfield>
  </datafield>
  <datafield tag="670" ind1=" " ind2=" ">
    <subfield code="a">Podkhody k upravlenii︠u︡ migrat︠s︡ionnym razvitiem, 1989:</subfield>
    <subfield code="b">t.p. (Demograficheskai︠a︡ assot︠s︡iat︠s︡ii︠a︡ Ėstonii) added t.p. (Estonian Demographic Association)</subfield>
  </datafield>
  <datafield tag="670" ind1=" " ind2=" ">
    <subfield code="a">Mitmekeelne demograafiasônastik. Eesti väljaanne, 1993:</subfield>
    <subfield code="b">t.p. (Eesti Demograafia Assotsiatsioon) cover (Estonian Demographic Association)</subfield>
  </datafield>
  <datafield tag="675" ind1=" " ind2=" ">
    <subfield code="a">Eesti nõukogude entsüklopedia;</subfield>
    <subfield code="a">Bolʹsh. sov. ėnt︠s︡.</subfield>
  </datafield>
</record>